@article{trenberth2003changing,
  title={The changing character of precipitation},
  author={Trenberth, Kevin E and Dai, Aiguo and Rasmussen, Roy M and Parsons, David B},
  journal={Bulletin of the American Meteorological Society},
  volume={84},
  number={9},
  pages={1205--1217},
  year={2003}
}

@article{pendergrass2015does,
  title={Does extreme precipitation intensity depend on the emissions scenario?},
  author={Pendergrass, Angeline G and Lehner, Flavio and Sanderson, Benjamin M and Xu, Yangyang},
  journal={Geophysical Research Letters},
  volume={42},
  number={20},
  pages={8767--8774},
  year={2015},
  publisher={Wiley Online Library}
}

@article{kunkel2013probable,
  title={Probable maximum precipitation and climate change},
  author={Kunkel, Kenneth E and Karl, Thomas R and Easterling, David R and Redmond, Kelly and Young, John and Yin, Xungang and Hennon, Paula},
  journal={Geophysical Research Letters},
  volume={40},
  number={7},
  pages={1402--1408},
  year={2013},
  publisher={Wiley Online Library}
}

@article{kron2009flood,
  title={Flood insurance: from clients to global financial markets},
  author={Kron, W},
  journal={Journal of Flood Risk Management},
  volume={2},
  number={1},
  pages={68--75},
  year={2009},
  publisher={Wiley Online Library}
}

@article{fischer2013robust,
  title={Robust spatially aggregated projections of climate extremes},
  author={Fischer, Erich M and Beyerle, Urs and Knutti, Reto},
  journal={Nature Climate Change},
  volume={3},
  number={12},
  pages={1033},
  year={2013},
  publisher={Nature Publishing Group}
}

@article{gong1995application,
  title={On the application of cluster analysis to growing season precipitation data in North America east of the Rockies},
  author={Gong, Xiaofeng and Richman, Michael B},
  journal={Journal of climate},
  volume={8},
  number={4},
  pages={897--931},
  year={1995}
}

@article{hargrove1998new,
  title={A new high-resolution national map of vegetation ecoregions produced empirically using multivariate spatial clustering},
  author={Hargrove, William W and Luxmoore, Robert J},
  journal={URL: http://www. esd. ornl. gov/\~{} hnw/esri98},
  year={1998}
}

@article{yavuz2012spatial,
  title={Spatial analysis of monthly and annual precipitation trends in Turkey},
  author={Yavuz, H{\"u}seyin and Erdo{\u{g}}an, Saffet},
  journal={Water resources management},
  volume={26},
  number={3},
  pages={609--621},
  year={2012},
  publisher={Springer}
}